@article{friedman,
	title = {The Emergence of (Strict) Reverse Mathematics},
	author = {Harvey M. Friedman},
	year = {2021},
	publisher = {Unpublished},
	url = {https://u.osu.edu/friedman.8/foundational-adventures/downloadable-manuscripts/}
}
@book{soare,
	title = {Turing Computability},
	author = {Robert I. Soare},
	isbn = {978-3-642-31932-7},
	series = {Theory and Applications of Computability},
	year = {2016},
	publisher = {Springer}
}
@book{dm,
	title = {Reverse Mathematics},
	author = {Damir D. Dzhafarov and Carl Mummert},
	isbn = {978-3-031-11366-6},
	series = {Theory and Applications of Computability},
	year = {2022},
	publisher = {Springer}
}
@book{simpson,
	title = {Subsystems of Second Order Arithmetic},
	author = {Stephen G. Simpson},
	isbn = {978-0-521-88439-6},
	series = {Perspectives in Logic},
	year = {2009},
	publisher = {Cambridge University Press}
}
@book{hirschfeldt,
	title = {Slicing the Truth},
	author = {Denis R. Hirschfeldt},
	isbn = {978-981-4612-62-3},
	series = {Lecture Notes Series, Institute for Mathematical Sciences, National University of Singapore},
	year = {2014},
	publisher = {World Scientific}
}
@book{boolos,
	title = {Computability and Logic},
	author = {George S. Boolos, John P. Burgess, and Richard C. Jeffrey},
	isbn = {978-0-521-87752-7},
	year = {2007},
	publisher = {Cambridge University Press}
}
@book{avigad,
	title = {Mathematical Logic and Computation},
	author = {Jeremy Avigad},
	isbn = {978-1-108-47875-5},
	year = {2023},
	publisher = {Cambridge University Press}
}
@book{patey,
	title = {Lowness and Avoidance},
	author = {Ludovic Patey},
	publisher = {Unpublished},
	year = {2024-ongoing},
	url = {https://ludovicpatey.com/lowness-avoidance/}
}
@book{history,
	title = {The Search For Mathematical Roots, 1870-1940},
	author = {Ivor Grattan-Guinness},
	isbn = {978-0-691-05858-0},
	year = {2001},
	publisher = {Princeton University Press},
}